@diplima{Kalashnikov_2004,
  author = {Калашников, А. В.},
  title  = {Алгоритмы оптимизации расписаний, основанные на исправлении неоптимальных фрагментов},
  year   = 2004
}